@article{2020GOConsortium,
	title        = {The Gene Ontology resource: enriching a {GOld} mine},
	author       = {Gene Ontology Consortium},
	year         = 2020,
	month        = dec,
	journal      = {Nucleic Acids Research},
	publisher    = {Oxford University Press ({OUP})},
	volume       = 49,
	number       = {D1},
	pages        = {D325--D334},
	doi          = {10.1093/nar/gkaa1113},
	url          = {https://doi.org/10.1093/nar/gkaa1113}
}
@article{Akaike1974,
	title        = {A new look at the statistical model identification},
	author       = {H. Akaike},
	year         = 1974,
	month        = dec,
	journal      = {{IEEE} Transactions on Automatic Control},
	publisher    = {Institute of Electrical and Electronics Engineers ({IEEE})},
	volume       = 19,
	number       = 6,
	pages        = {716--723},
	doi          = {10.1109/tac.1974.1100705},
	url          = {https://doi.org/10.1109/tac.1974.1100705}
}
@article{Altschul1989,
	title        = {Weights for data related by a tree},
	author       = {Stephen F. Altschul and Raymond J. Carroll and David J. Lipman},
	year         = 1989,
	month        = jun,
	journal      = {Journal of Molecular Biology},
	publisher    = {Elsevier {BV}},
	volume       = 207,
	number       = 4,
	pages        = {647--653},
	doi          = {10.1016/0022-2836(89)90234-9},
	url          = {https://doi.org/10.1016/0022-2836(89)90234-9}
}
@article{Andreeva2013,
	title        = {{SCOP}2 prototype: a new approach to protein structure mining},
	author       = {Antonina Andreeva and Dave Howorth and Cyrus Chothia and Eugene Kulesha and Alexey G. Murzin},
	year         = 2013,
	month        = nov,
	journal      = {Nucleic Acids Research},
	publisher    = {Oxford University Press ({OUP})},
	volume       = 42,
	number       = {D1},
	pages        = {D310--D314},
	doi          = {10.1093/nar/gkt1242},
	url          = {https://doi.org/10.1093/nar/gkt1242}
}
@article{Andreeva2019,
	title        = {The {SCOP} database in 2020: expanded classification of representative family and superfamily domains of known protein structures},
	author       = {Antonina Andreeva and Eugene Kulesha and Julian Gough and Alexey G Murzin},
	year         = 2019,
	month        = nov,
	journal      = {Nucleic Acids Research},
	publisher    = {Oxford University Press ({OUP})},
	volume       = 48,
	number       = {D1},
	pages        = {D376--D382},
	doi          = {10.1093/nar/gkz1064},
	url          = {https://doi.org/10.1093/nar/gkz1064}
}
@article{Ashburner2000,
	title        = {Gene Ontology: tool for the unification of biology},
	author       = {Michael Ashburner and Catherine A. Ball and Judith A. Blake and David Botstein and Heather Butler and J. Michael Cherry and Allan P. Davis and Kara Dolinski and Selina S. Dwight and Janan T. Eppig and Midori A. Harris and David P. Hill and Laurie Issel-Tarver and Andrew Kasarskis and Suzanna Lewis and John C. Matese and Joel E. Richardson and Martin Ringwald and Gerald M. Rubin and Gavin Sherlock},
	year         = 2000,
	month        = may,
	journal      = {Nature Genetics},
	publisher    = {Springer Science and Business Media {LLC}},
	volume       = 25,
	number       = 1,
	pages        = {25--29},
	doi          = {10.1038/75556},
	url          = {https://doi.org/10.1038/75556}
}
@article{Banani2017,
	title        = {Biomolecular condensates: organizers of cellular biochemistry},
	author       = {Salman F. Banani and Hyun O. Lee and Anthony A. Hyman and Michael K. Rosen},
	year         = 2017,
	month        = feb,
	journal      = {Nature Reviews Molecular Cell Biology},
	publisher    = {Springer Science and Business Media {LLC}},
	volume       = 18,
	number       = 5,
	pages        = {285--298},
	doi          = {10.1038/nrm.2017.7},
	url          = {https://doi.org/10.1038/nrm.2017.7}
}
@article{Beh2012,
	title        = {A core subunit of Polycomb repressive complex 1 is broadly conserved in function but not primary sequence},
	author       = {Leslie Y. Beh and Lucy J. Colwell and Nicole J. Francis},
	year         = 2012,
	month        = apr,
	journal      = {Proceedings of the National Academy of Sciences},
	publisher    = {Proceedings of the National Academy of Sciences},
	volume       = 109,
	number       = 18,
	doi          = {10.1073/pnas.1118678109},
	url          = {https://doi.org/10.1073/pnas.1118678109}
}
@article{Brown2009,
	title        = {Comparing Models of Evolution for Ordered and Disordered Proteins},
	author       = {C. J. Brown and A. K. Johnson and G. W. Daughdrill},
	year         = 2009,
	month        = nov,
	journal      = {Molecular Biology and Evolution},
	publisher    = {Oxford University Press ({OUP})},
	volume       = 27,
	number       = 3,
	pages        = {609--621},
	doi          = {10.1093/molbev/msp277},
	url          = {https://doi.org/10.1093/molbev/msp277}
}
@article{Buljan2012,
	title        = {Tissue-Specific Splicing of Disordered Segments that Embed Binding Motifs Rewires Protein Interaction Networks},
	author       = {Marija Buljan and Guilhem Chalancon and Sebastian Eustermann and Gunter P. Wagner and Monika Fuxreiter and Alex Bateman and M. Madan Babu},
	year         = 2012,
	month        = jun,
	journal      = {Molecular Cell},
	publisher    = {Elsevier {BV}},
	volume       = 46,
	number       = 6,
	pages        = {871--883},
	doi          = {10.1016/j.molcel.2012.05.039},
	url          = {https://doi.org/10.1016/j.molcel.2012.05.039}
}
@article{Butler2004,
	title        = {Phylogenetic Comparative Analysis: A Modeling Approach for Adaptive Evolution},
	author       = {Marguerite A. Butler and Aaron A. King},
	year         = 2004,
	month        = dec,
	journal      = {The American Naturalist},
	publisher    = {University of Chicago Press},
	volume       = 164,
	number       = 6,
	pages        = {683--695},
	doi          = {10.1086/426002},
	url          = {https://doi.org/10.1086/426002}
}
@article{Cornwell2017,
	title        = {Phylogenetic comparative methods},
	author       = {Will Cornwell and Shinichi Nakagawa},
	year         = 2017,
	month        = may,
	journal      = {Current Biology},
	publisher    = {Elsevier {BV}},
	volume       = 27,
	number       = 9,
	pages        = {R333--R336},
	doi          = {10.1016/j.cub.2017.03.049},
	url          = {https://doi.org/10.1016/j.cub.2017.03.049}
}
@article{Crawford2011,
	title        = {Transition probabilities for general birth{\textendash}death processes with applications in ecology,  genetics,  and evolution},
	author       = {Forrest W. Crawford and Marc A. Suchard},
	year         = 2011,
	month        = oct,
	journal      = {Journal of Mathematical Biology},
	publisher    = {Springer Science and Business Media {LLC}},
	volume       = 65,
	number       = 3,
	pages        = {553--580},
	doi          = {10.1007/s00285-011-0471-z},
	url          = {https://doi.org/10.1007/s00285-011-0471-z}
}
@article{Daughdrill2007,
	title        = {Dynamic Behavior of an Intrinsically Unstructured Linker Domain Is Conserved in the Face of Negligible Amino Acid Sequence Conservation},
	author       = {Gary W. Daughdrill and Pranesh Narayanaswami and Sara H. Gilmore and Agniezka Belczyk and Celeste J. Brown},
	year         = 2007,
	month        = aug,
	journal      = {Journal of Molecular Evolution},
	publisher    = {Springer Science and Business Media {LLC}},
	volume       = 65,
	number       = 3,
	pages        = {277--288},
	doi          = {10.1007/s00239-007-9011-2},
	url          = {https://doi.org/10.1007/s00239-007-9011-2}
}
@article{Davey2012,
	title        = {Attributes of short linear motifs},
	author       = {Norman E. Davey and Kim Van Roey and Robert J. Weatheritt and Grischa Toedt and Bora Uyar and Brigitte Altenberg and Aidan Budd and Francesca Diella and Holger Dinkel and Toby J. Gibson},
	year         = 2012,
	journal      = {Mol. {BioSyst}.},
	publisher    = {Royal Society of Chemistry ({RSC})},
	volume       = 8,
	number       = 1,
	pages        = {268--281},
	doi          = {10.1039/c1mb05231d},
	url          = {https://doi.org/10.1039/c1mb05231d}
}
@article{Dunker2005,
	title        = {Flexible nets. The roles of intrinsic disorder in protein interaction networks},
	author       = {A. Keith Dunker and Marc S. Cortese and Pedro Romero and Lilia M. Iakoucheva and Vladimir N. Uversky},
	year         = 2005,
	month        = oct,
	journal      = {{FEBS} Journal},
	publisher    = {Wiley},
	volume       = 272,
	number       = 20,
	pages        = {5129--5148},
	doi          = {10.1111/j.1742-4658.2005.04948.x},
	url          = {https://doi.org/10.1111/j.1742-4658.2005.04948.x}
}
@article{Erijman2020,
	title        = {A High-Throughput Screen for Transcription Activation Domains Reveals Their Sequence Features and Permits Prediction by Deep Learning},
	author       = {Ariel Erijman and Lukasz Kozlowski and Salma Sohrabi-Jahromi and James Fishburn and Linda Warfield and Jacob Schreiber and William S. Noble and Johannes S\"{o}ding and Steven Hahn},
	year         = 2020,
	month        = jun,
	journal      = {Molecular Cell},
	publisher    = {Elsevier {BV}},
	volume       = 78,
	number       = 5,
	pages        = {890--902.e6},
	doi          = {10.1016/j.molcel.2020.04.020},
	url          = {https://doi.org/10.1016/j.molcel.2020.04.020}
}
@article{Felsenstein1973,
	title        = {Maximum-likelihood estimation of evolutionary trees from continuous characters},
	author       = {J Felsenstein},
	year         = 1973,
	month        = sep,
	journal      = {American Journal of Human Genetics},
	volume       = 25,
	number       = 5,
	pages        = {471--492}
}
@article{Felsenstein1981,
	title        = {Evolutionary trees from {DNA} sequences: A maximum likelihood approach},
	author       = {Joseph Felsenstein},
	year         = 1981,
	month        = nov,
	journal      = {Journal of Molecular Evolution},
	publisher    = {Springer Science and Business Media {LLC}},
	volume       = 17,
	number       = 6,
	pages        = {368--376},
	doi          = {10.1007/bf01734359},
	url          = {https://doi.org/10.1007/bf01734359}
}
@article{Felsenstein1985,
	title        = {Phylogenies and the Comparative Method},
	author       = {J Felsenstein},
	year         = 1985,
	month        = jan,
	journal      = {The American Naturalist},
	volume       = 125,
	number       = 1,
	pages        = {1--15}
}
@article{Flory1949,
	title        = {The Configuration of Real Polymer Chains},
	author       = {Paul J. Flory},
	year         = 1949,
	month        = mar,
	journal      = {The Journal of Chemical Physics},
	publisher    = {{AIP} Publishing},
	volume       = 17,
	number       = 3,
	pages        = {303--310},
	doi          = {10.1063/1.1747243},
	url          = {https://doi.org/10.1063/1.1747243}
}
@article{Fuxreiter2007,
	title        = {Local structural disorder imparts plasticity on linear motifs},
	author       = {Monika Fuxreiter and Peter Tompa and Istv{\'{a}}n Simon},
	year         = 2007,
	month        = mar,
	journal      = {Bioinformatics},
	publisher    = {Oxford University Press ({OUP})},
	volume       = 23,
	number       = 8,
	pages        = {950--956},
	doi          = {10.1093/bioinformatics/btm035},
	url          = {https://doi.org/10.1093/bioinformatics/btm035}
}
@article{Gramates2022,
	title        = {{FlyBase}: a guided tour of highlighted features},
	author       = {L Sian Gramates and Julie Agapite and Helen Attrill and Brian R Calvi and Madeline A Crosby and Gilberto dos Santos and Joshua L Goodman and Damien Goutte-Gattat and Victoria K Jenkins and Thomas Kaufman and Aoife Larkin and Beverley B Matthews and Gillian Millburn and Victor B Strelets and Norbert Perrimon and Susan Russo Gelbart and Julie Agapite and Kris Broll and Lynn Crosby and Gil dos Santos and Kathleen Falls and L Sian Gramates and Victoria Jenkins and Ian Longden and Beverley Matthews and Jolene Seme and Christopher J Tabone and Pinglei Zhou and Mark Zytkovicz and Nick Brown and Giulia Antonazzo and Helen Attrill and Phani Garapati and Damien Goutte-Gattat and Aoife Larkin and Steven Marygold and Alex McLachlan and Gillian Millburn and Arzu \"{O}zt\"{u}rk-{\c{C}}olak and Clare Pilgrim and Vitor Trovisco and Brian Calvi and Thomas Kaufman and Josh Goodman and Pravija Krishna and Victor Strelets and Jim Thurmond and Richard Cripps and TyAnna Lovato and},
	year         = 2022,
	month        = mar,
	journal      = {Genetics},
	publisher    = {Oxford University Press ({OUP})},
	volume       = 220,
	number       = 4,
	doi          = {10.1093/genetics/iyac035},
	url          = {https://doi.org/10.1093/genetics/iyac035}
}
@article{Halfmann2011,
	title        = {Opposing Effects of Glutamine and Asparagine Govern Prion Formation by Intrinsically Disordered Proteins},
	author       = {Randal Halfmann and Simon Alberti and Rajaraman Krishnan and Nicholas Lyle and Charles W. O{\textquotesingle}Donnell and Oliver D. King and Bonnie Berger and Rohit V. Pappu and Susan Lindquist},
	year         = 2011,
	month        = jul,
	journal      = {Molecular Cell},
	publisher    = {Elsevier {BV}},
	volume       = 43,
	number       = 1,
	pages        = {72--84},
	doi          = {10.1016/j.molcel.2011.05.013},
	url          = {https://doi.org/10.1016/j.molcel.2011.05.013}
}
@article{Harris2020,
	title        = {Array programming with {NumPy}},
	author       = {Charles R. Harris and K. Jarrod Millman and St{\'{e}}fan J. van der Walt and Ralf Gommers and Pauli Virtanen and David Cournapeau and Eric Wieser and Julian Taylor and Sebastian Berg and Nathaniel J. Smith and Robert Kern and Matti Picus and Stephan Hoyer and Marten H. van Kerkwijk and Matthew Brett and Allan Haldane and Jaime Fern{\'{a}}ndez del R{\'{\i}}o and Mark Wiebe and Pearu Peterson and Pierre G{\'{e}}rard-Marchant and Kevin Sheppard and Tyler Reddy and Warren Weckesser and Hameer Abbasi and Christoph Gohlke and Travis E. Oliphant},
	year         = 2020,
	month        = sep,
	journal      = {Nature},
	publisher    = {Springer Science and Business Media {LLC}},
	volume       = 585,
	number       = 7825,
	pages        = {357--362},
	doi          = {10.1038/s41586-020-2649-2},
	url          = {https://doi.org/10.1038/s41586-020-2649-2}
}
@article{Ho2013,
	title        = {Asymptotic theory with hierarchical autocorrelation: Ornstein-Uhlenbeck tree models},
	author       = {Lam Si Tung Ho and C{\'{e}}cile An{\'{e}}},
	year         = 2013,
	month        = apr,
	journal      = {The Annals of Statistics},
	publisher    = {Institute of Mathematical Statistics},
	volume       = 41,
	number       = 2,
	doi          = {10.1214/13-aos1105},
	url          = {https://doi.org/10.1214/13-aos1105}
}
@article{Ho2014,
	title        = {Intrinsic inference difficulties for trait evolution with Ornstein-Uhlenbeck models},
	author       = {Lam Si Tung Ho and C{\'{e}}cile An{\'{e}}},
	year         = 2014,
	month        = nov,
	journal      = {Methods in Ecology and Evolution},
	publisher    = {Wiley},
	volume       = 5,
	number       = 11,
	pages        = {1133--1146},
	doi          = {10.1111/2041-210x.12285},
	url          = {https://doi.org/10.1111/2041-210x.12285}
}
@article{Holehouse2017,
	title        = {{CIDER}: Resources to Analyze Sequence-Ensemble Relationships of Intrinsically Disordered Proteins},
	author       = {Alex S. Holehouse and Rahul K. Das and James N. Ahad and Mary O.G. Richardson and Rohit V. Pappu},
	year         = 2017,
	month        = jan,
	journal      = {Biophysical Journal},
	publisher    = {Elsevier {BV}},
	volume       = 112,
	number       = 1,
	pages        = {16--21},
	doi          = {10.1016/j.bpj.2016.11.3200},
	url          = {https://doi.org/10.1016/j.bpj.2016.11.3200}
}
@article{Hunter2007,
	title        = {Matplotlib: A 2D Graphics Environment},
	author       = {John D. Hunter},
	year         = 2007,
	journal      = {Computing in Science \& Engineering},
	publisher    = {Institute of Electrical and Electronics Engineers ({IEEE})},
	volume       = 9,
	number       = 3,
	pages        = {90--95},
	doi          = {10.1109/mcse.2007.55},
	url          = {https://doi.org/10.1109/mcse.2007.55}
}
@article{Kim2021,
	title        = {Highly contiguous assemblies of 101 drosophilid genomes},
	author       = {Bernard Y Kim and Jeremy R Wang and Danny E Miller and Olga Barmina and Emily Delaney and Ammon Thompson and Aaron A Comeault and David Peede and Emmanuel RR D{\textquotesingle}Agostino and Julianne Pelaez and Jessica M Aguilar and Diler Haji and Teruyuki Matsunaga and Ellie E Armstrong and Molly Zych and Yoshitaka Ogawa and Marina Stamenkovi{\'{c}}-Radak and Mihailo Jeli{\'{c}} and Marija Savi{\'{c}} Veselinovi{\'{c}} and Marija Tanaskovi{\'{c}} and Pavle Eri{\'{c}} and Jian-Jun Gao and Takehiro K Katoh and Masanori J Toda and Hideaki Watabe and Masayoshi Watada and Jeremy S Davis and Leonie C Moyle and Giulia Manoli and Enrico Bertolini and Vladim{\'{\i}}r Ko{\v{s}}{\v{t}}{\'{a}}l and R Scott Hawley and Aya Takahashi and Corbin D Jones and Donald K Price and Noah Whiteman and Artyom Kopp and Daniel R Matute and Dmitri A Petrov},
	year         = 2021,
	month        = jul,
	journal      = {eLife},
	publisher    = {{eLife} Sciences Publications, Ltd},
	volume       = 10,
	doi          = {10.7554/elife.66405},
	url          = {https://doi.org/10.7554/elife.66405}
}
@article{Kohn2004,
	title        = {Random-coil behavior and the dimensions of chemically unfolded proteins},
	author       = {Jonathan E. Kohn and Ian S. Millett and Jaby Jacob and Bojan Zagrovic and Thomas M. Dillon and Nikolina Cingel and Robin S. Dothager and Soenke Seifert and P. Thiyagarajan and Tobin R. Sosnick and M. Zahid Hasan and Vijay S. Pande and Ingo Ruczinski and Sebastian Doniach and Kevin W. Plaxco},
	year         = 2004,
	month        = aug,
	journal      = {Proceedings of the National Academy of Sciences},
	publisher    = {Proceedings of the National Academy of Sciences},
	volume       = 101,
	number       = 34,
	pages        = {12491--12496},
	doi          = {10.1073/pnas.0403643101},
	url          = {https://doi.org/10.1073/pnas.0403643101}
}
@article{Kozlowski2016,
	title        = {{IPC} -- Isoelectric Point Calculator},
	author       = {Lukasz P. Kozlowski},
	year         = 2016,
	month        = oct,
	journal      = {Biology Direct},
	publisher    = {Springer Science and Business Media {LLC}},
	volume       = 11,
	number       = 1,
	doi          = {10.1186/s13062-016-0159-9},
	url          = {https://doi.org/10.1186/s13062-016-0159-9}
}
@article{Kumar2021,
	title        = {The Eukaryotic Linear Motif resource: 2022 release},
	author       = {Manjeet Kumar and Sushama Michael and Jes{\'{u}}s Alvarado-Valverde and B{\'{a}}lint M{\'{e}}sz{\'{a}}ros and Hugo S{\'{a}}mano-S{\'{a}}nchez and Andr{\'{a}}s Zeke and Laszlo Dobson and Tamas Lazar and Mihkel \"{O}rd and Anurag Nagpal and Nazanin Farahi and Melanie K\"{a}ser and Ramya Kraleti and Norman E Davey and Rita Pancsa and Luc{\'{\i}}a B Chemes and Toby J Gibson},
	year         = 2021,
	month        = oct,
	journal      = {Nucleic Acids Research},
	publisher    = {Oxford University Press ({OUP})},
	volume       = 50,
	number       = {D1},
	pages        = {D497--D508},
	doi          = {10.1093/nar/gkab975},
	url          = {https://doi.org/10.1093/nar/gkab975}
}
@article{Le2008,
	title        = {An Improved General Amino Acid Replacement Matrix},
	author       = {S. Q. Le and O. Gascuel},
	year         = 2008,
	month        = apr,
	journal      = {Molecular Biology and Evolution},
	publisher    = {Oxford University Press ({OUP})},
	volume       = 25,
	number       = 7,
	pages        = {1307--1320},
	doi          = {10.1093/molbev/msn067},
	url          = {https://doi.org/10.1093/molbev/msn067}
}
@article{Liu2006,
	title        = {Intrinsic Disorder in Transcription Factors},
	author       = {Jiangang Liu and Narayanan B. Perumal and Christopher J. Oldfield and Eric W. Su and Vladimir N. Uversky and A. Keith Dunker},
	year         = 2006,
	month        = may,
	journal      = {Biochemistry},
	publisher    = {American Chemical Society ({ACS})},
	volume       = 45,
	number       = 22,
	pages        = {6873--6888},
	doi          = {10.1021/bi0602718},
	url          = {https://doi.org/10.1021/bi0602718}
}
@article{Lu2022,
	title        = {Discovering molecular features of intrinsically disordered regions by using evolution for contrastive learning},
	author       = {Alex X. Lu and Amy X. Lu and Iva Priti{\v{s}}anac and Taraneh Zarin and Julie D. Forman-Kay and Alan M. Moses},
	year         = 2022,
	month        = jun,
	journal      = {{PLOS} Computational Biology},
	publisher    = {Public Library of Science ({PLoS})},
	volume       = 18,
	number       = 6,
	pages        = {e1010238},
	doi          = {10.1371/journal.pcbi.1010238},
	url          = {https://doi.org/10.1371/journal.pcbi.1010238}
}
@inproceedings{McKinney2010,
	title        = {Data Structures for Statistical Computing in Python},
	author       = {Wes McKinney},
	year         = 2010,
	booktitle    = {Proceedings of the Python in Science Conference},
	publisher    = {SciPy},
	doi          = {10.25080/majora-92bf1922-00a},
	url          = {https://doi.org/10.25080/majora-92bf1922-00a}
}
@article{Miller2018,
	title        = {Highly Contiguous Genome Assemblies of 15 \textit{Drosophila} Species Generated Using Nanopore Sequencing},
	author       = {Danny E Miller and Cynthia Staber and Julia Zeitlinger and R Scott Hawley},
	year         = 2018,
	month        = oct,
	journal      = {G3 Genes$\vert$Genomes$\vert$Genetics},
	publisher    = {Oxford University Press ({OUP})},
	volume       = 8,
	number       = 10,
	pages        = {3131--3141},
	doi          = {10.1534/g3.118.200160},
	url          = {https://doi.org/10.1534/g3.118.200160}
}
@article{Mistry2020,
	title        = {Pfam: The protein families database in 2021},
	author       = {Jaina Mistry and Sara Chuguransky and Lowri Williams and Matloob Qureshi and Gustavo A Salazar and Erik L L Sonnhammer and Silvio C E Tosatto and Lisanna Paladin and Shriya Raj and Lorna J Richardson and Robert D Finn and Alex Bateman},
	year         = 2020,
	month        = oct,
	journal      = {Nucleic Acids Research},
	publisher    = {Oxford University Press ({OUP})},
	volume       = 49,
	number       = {D1},
	pages        = {D412--d419},
	doi          = {10.1093/nar/gkaa913},
	url          = {https://doi.org/10.1093/nar/gkaa913}
}
@article{Moesa2012,
	title        = {Chemical composition is maintained in poorly conserved intrinsically disordered regions and suggests a means for their classification},
	author       = {Harry Amri Moesa and Shunichi Wakabayashi and Kenta Nakai and Ashwini Patil},
	year         = 2012,
	journal      = {Molecular {BioSystems}},
	publisher    = {Royal Society of Chemistry ({RSC})},
	volume       = 8,
	number       = 12,
	pages        = 3262,
	doi          = {10.1039/c2mb25202c},
	url          = {https://doi.org/10.1039/c2mb25202c}
}
@article{Mohan2006,
	title        = {Analysis of Molecular Recognition Features ({MoRFs})},
	author       = {Amrita Mohan and Christopher J. Oldfield and Predrag Radivojac and Vladimir Vacic and Marc S. Cortese and A. Keith Dunker and Vladimir N. Uversky},
	year         = 2006,
	month        = oct,
	journal      = {Journal of Molecular Biology},
	publisher    = {Elsevier {BV}},
	volume       = 362,
	number       = 5,
	pages        = {1043--1059},
	doi          = {10.1016/j.jmb.2006.07.087},
	url          = {https://doi.org/10.1016/j.jmb.2006.07.087}
}
@article{Necci2021,
	title        = {Critical assessment of protein intrinsic disorder prediction},
	author       = {Marco Necci and Damiano Piovesan and Md Tamjidul Hoque and Ian Walsh and Sumaiya Iqbal and Michele Vendruscolo and Pietro Sormanni and Chen Wang and Daniele Raimondi and Ronesh Sharma and Yaoqi Zhou and Thomas Litfin and Oxana Valerianovna Galzitskaya and Michail Yu. Lobanov and Wim Vranken and Bj\"{o}rn Wallner and Claudio Mirabello and Nawar Malhis and Zsuzsanna Doszt{\'{a}}nyi and G{\'{a}}bor Erd{\H{o}}s and B{\'{a}}lint M{\'{e}}sz{\'{a}}ros and Jianzhao Gao and Kui Wang and Gang Hu and Zhonghua Wu and Alok Sharma and Jack Hanson and Kuldip Paliwal and Isabelle Callebaut and Tristan Bitard-Feildel and Gabriele Orlando and Zhenling Peng and Jinbo Xu and Sheng Wang and David T. Jones and Domenico Cozzetto and Fanchi Meng and Jing Yan and J\"{o}rg Gsponer and Jianlin Cheng and Tianqi Wu and Lukasz Kurgan and Vasilis J. Promponas and Stella Tamana and Cristina Marino-Buslje and Elizabeth Mart{\'{\i}}nez-P{\'{e}}rez and Anastasia Chasapi and Christos Ouzounis and A. Keith Dunker and Andrey V. Kajava and Jeremy Y. Leclercq and Burcu Aykac-Fas and Matteo Lambrughi and Emiliano Maiani and Elena Papaleo and Lucia Beatriz Chemes and Luc{\'{\i}}a {\'{A}}lvarez and Nicol{\'{a}}s S. Gonz{\'{a}}lez-Foutel and Valentin Iglesias and Jordi Pujols and Salvador Ventura and Nicol{\'{a}}s Palopoli and Guillermo Ignacio Ben{\'{\i}}tez and Gustavo Parisi and Claudio Bassot and Arne Elofsson and Sudha Govindarajan and John Lamb and Marco Salvatore and Andr{\'{a}}s Hatos and Alexander Miguel Monzon and Martina Bevilacqua and Ivan Mi{\v{c}}eti{\'{c}} and Giovanni Minervini and Lisanna Paladin and Federica Quaglia and Emanuela Leonardi and Norman Davey and Tamas Horvath and Orsolya Panna Kovacs and Nikoletta Murvai and Rita Pancsa and Eva Schad and Beata Szabo and Agnes Tantos and Sandra Macedo-Ribeiro and Jose Antonio Manso and Pedro Jos{\'{e}} Barbosa Pereira and Radoslav Davidovi{\'{c}} and Nevena Veljkovic and Borb{\'{a}}la Hajdu-Solt{\'{e}}sz and M{\'{a}}ty{\'{a}}s Pajkos and Tam{\'{a}}s Szaniszl{\'{o}} and Mainak Guharoy and Tamas Lazar and Mauricio Macossay-Castillo and Peter Tompa and Silvio C. E. Tosatto and   and},
	year         = 2021,
	month        = apr,
	journal      = {Nature Methods},
	publisher    = {Springer Science and Business Media {LLC}},
	volume       = 18,
	number       = 5,
	pages        = {472--481},
	doi          = {10.1038/s41592-021-01117-3},
	url          = {https://doi.org/10.1038/s41592-021-01117-3}
}
@article{Nguyen2014,
	title        = {{IQ}-{TREE}: A Fast and Effective Stochastic Algorithm for Estimating Maximum Likelihood Phylogenies},
	author       = {Lam-Tung Nguyen and Heiko A. Schmidt and Arndt von Haeseler and Bui Quang Minh},
	year         = 2014,
	month        = nov,
	journal      = {Molecular Biology and Evolution},
	publisher    = {Oxford University Press ({OUP})},
	volume       = 32,
	number       = 1,
	pages        = {268--274},
	doi          = {10.1093/molbev/msu300},
	url          = {https://doi.org/10.1093/molbev/msu300}
}
@article{NguyenBa2012,
	title        = {Proteome-Wide Discovery of Evolutionary Conserved Sequences in Disordered Regions},
	author       = {Alex N. Nguyen Ba and Brian J. Yeh and Dewald van Dyk and Alan R. Davidson and Brenda J. Andrews and Eric L. Weiss and Alan M. Moses},
	year         = 2012,
	month        = mar,
	journal      = {Science Signaling},
	publisher    = {American Association for the Advancement of Science ({AAAS})},
	volume       = 5,
	number       = 215,
	doi          = {10.1126/scisignal.2002515},
	url          = {https://doi.org/10.1126/scisignal.2002515}
}
@article{Pedregosa2011,
	title        = {Scikit-learn: Machine Learning in Python},
	author       = {Fabian Pedregosa and Ga{{\"e}}l Varoquaux and Alexandre Gramfort and Vincent Michel and Bertrand Thirion and Olivier Grisel and Mathieu Blondel and Peter Prettenhofer and Ron Weiss and Vincent Dubourg and Jake Vanderplas and Alexandre Passos and David Cournapeau and Matthieu Brucher and Matthieu Perrot and {{\'E}}douard Duchesnay},
	year         = 2011,
	journal      = {Journal of Machine Learning Research},
	volume       = 12,
	number       = 85,
	pages        = {2825--2830},
	url          = {http://jmlr.org/papers/v12/pedregosa11a.html}
}
@article{Piovesan2020,
	title        = {{MobiDB}: intrinsically disordered proteins in 2021},
	author       = {Damiano Piovesan and Marco Necci and Nahuel Escobedo and Alexander Miguel Monzon and Andr{\'{a}}s Hatos and Ivan Mi{\v{c}}eti{\'{c}} and Federica Quaglia and Lisanna Paladin and Pathmanaban Ramasamy and Zsuzsanna Doszt{\'{a}}nyi and Wim F Vranken and Norman E Davey and Gustavo Parisi and Monika Fuxreiter and Silvio C E Tosatto},
	year         = 2020,
	month        = nov,
	journal      = {Nucleic Acids Research},
	publisher    = {Oxford University Press ({OUP})},
	volume       = 49,
	number       = {D1},
	pages        = {D361--D367},
	doi          = {10.1093/nar/gkaa1058},
	url          = {https://doi.org/10.1093/nar/gkaa1058}
}
@article{Piovesan2022,
	title        = {{MobiDB}: 10 years of intrinsically disordered proteins},
	author       = {Damiano Piovesan and Alessio Del Conte and Damiano Clementel and Alexander Miguel Monzon and Martina Bevilacqua and Maria Cristina Aspromonte and Javier A Iserte and Fernando E Orti and Cristina Marino-Buslje and Silvio C E Tosatto},
	year         = 2022,
	month        = nov,
	journal      = {Nucleic Acids Research},
	publisher    = {Oxford University Press ({OUP})},
	volume       = 51,
	number       = {D1},
	pages        = {D438--D444},
	doi          = {10.1093/nar/gkac1065},
	url          = {https://doi.org/10.1093/nar/gkac1065}
}
@article{Ravarani2018,
	title        = {High-throughput discovery of functional disordered regions: investigation of transactivation domains},
	author       = {Charles NJ Ravarani and Tamara Y Erkina and Greet De Baets and Daniel C Dudman and Alexandre M Erkine and M Madan Babu},
	year         = 2018,
	month        = may,
	journal      = {Molecular Systems Biology},
	publisher    = {{EMBO}},
	volume       = 14,
	number       = 5,
	doi          = {10.15252/msb.20188190},
	url          = {https://doi.org/10.15252/msb.20188190}
}
@article{Sillitoe2020,
	title        = {{CATH}: increased structural coverage of functional space},
	author       = {Ian Sillitoe and Nicola Bordin and Natalie Dawson and Vaishali P Waman and Paul Ashford and Harry M Scholes and Camilla S M Pang and Laurel Woodridge and Clemens Rauer and Neeladri Sen and Mahnaz Abbasian and Sean Le Cornu and Su Datt Lam and Karel Berka and Ivana Huta{\v{r}}ov{\'{a}} Varekova and Radka Svobodova and Jon Lees and Christine A Orengo},
	year         = 2020,
	month        = nov,
	journal      = {Nucleic Acids Research},
	publisher    = {Oxford University Press ({OUP})},
	volume       = 49,
	number       = {D1},
	pages        = {D266--D273},
	doi          = {10.1093/nar/gkaa1079},
	url          = {https://doi.org/10.1093/nar/gkaa1079}
}
@article{Staller2018,
	title        = {A High-Throughput Mutational Scan of an Intrinsically Disordered Acidic Transcriptional Activation Domain},
	author       = {Max V. Staller and Alex S. Holehouse and Devjanee Swain-Lenz and Rahul K. Das and Rohit V. Pappu and Barak A. Cohen},
	year         = 2018,
	month        = apr,
	journal      = {Cell Systems},
	publisher    = {Elsevier {BV}},
	volume       = 6,
	number       = 4,
	pages        = {444--455.e6},
	doi          = {10.1016/j.cels.2018.01.015},
	url          = {https://doi.org/10.1016/j.cels.2018.01.015}
}
@article{Szalkowski2011,
	title        = {Markov Models of Amino Acid Substitution to Study Proteins with Intrinsically Disordered Regions},
	author       = {Adam M. Szalkowski and Maria Anisimova},
	year         = 2011,
	month        = may,
	journal      = {{PLoS} {ONE}},
	publisher    = {Public Library of Science ({PLoS})},
	volume       = 6,
	number       = 5,
	pages        = {e20488},
	doi          = {10.1371/journal.pone.0020488},
	url          = {https://doi.org/10.1371/journal.pone.0020488}
}
@article{Tan2010,
	title        = {Roles of {\textquotedblleft}junk phosphorylation{\textquotedblright} in modulating biomolecular association of phosphorylated proteins?},
	author       = {Chris Soon Heng Tan and Claus J{\o}rgensen and Rune Linding},
	year         = 2010,
	month        = apr,
	journal      = {Cell Cycle},
	publisher    = {Informa {UK} Limited},
	volume       = 9,
	number       = 7,
	pages        = {1276--1280},
	doi          = {10.4161/cc.9.7.11066},
	url          = {https://doi.org/10.4161/cc.9.7.11066}
}
@article{Tompa2014,
	title        = {A Million Peptide Motifs for the Molecular Biologist},
	author       = {Peter Tompa and Norman E. Davey and Toby J. Gibson and M. Madan Babu},
	year         = 2014,
	month        = jul,
	journal      = {Molecular Cell},
	publisher    = {Elsevier {BV}},
	volume       = 55,
	number       = 2,
	pages        = {161--169},
	doi          = {10.1016/j.molcel.2014.05.032},
	url          = {https://doi.org/10.1016/j.molcel.2014.05.032}
}
@article{vanderLee2014,
	title        = {Classification of Intrinsically Disordered Regions and Proteins},
	author       = {Robin van der Lee and Marija Buljan and Benjamin Lang and Robert J. Weatheritt and Gary W. Daughdrill and A. Keith Dunker and Monika Fuxreiter and Julian Gough and Joerg Gsponer and David T. Jones and Philip M. Kim and Richard W. Kriwacki and Christopher J. Oldfield and Rohit V. Pappu and Peter Tompa and Vladimir N. Uversky and Peter E. Wright and M. Madan Babu},
	year         = 2014,
	month        = apr,
	journal      = {Chemical Reviews},
	publisher    = {American Chemical Society ({ACS})},
	volume       = 114,
	number       = 13,
	pages        = {6589--6631},
	doi          = {10.1021/cr400525m},
	url          = {https://doi.org/10.1021/cr400525m}
}
@article{VanRoey2012,
	title        = {Motif switches: decision-making in cell regulation},
	author       = {Kim Van Roey and Toby J Gibson and Norman E Davey},
	year         = 2012,
	month        = jun,
	journal      = {Current Opinion in Structural Biology},
	publisher    = {Elsevier {BV}},
	volume       = 22,
	number       = 3,
	pages        = {378--385},
	doi          = {10.1016/j.sbi.2012.03.004},
	url          = {https://doi.org/10.1016/j.sbi.2012.03.004}
}
@article{Virtanen2020,
	title        = {{SciPy} 1.0: fundamental algorithms for scientific computing in Python},
	author       = {Pauli Virtanen and Ralf Gommers and Travis E. Oliphant and Matt Haberland and Tyler Reddy and David Cournapeau and Evgeni Burovski and Pearu Peterson and Warren Weckesser and Jonathan Bright and St{\'{e}}fan J. van der Walt and Matthew Brett and Joshua Wilson and K. Jarrod Millman and Nikolay Mayorov and Andrew R. J. Nelson and Eric Jones and Robert Kern and Eric Larson and C J Carey and {\.{I}}lhan Polat and Yu Feng and Eric W. Moore and Jake VanderPlas and Denis Laxalde and Josef Perktold and Robert Cimrman and Ian Henriksen and E. A. Quintero and Charles R. Harris and Anne M. Archibald and Ant{\^{o}}nio H. Ribeiro and Fabian Pedregosa and Paul van Mulbregt and Aditya Vijaykumar and Alessandro Pietro Bardelli and Alex Rothberg and Andreas Hilboll and Andreas Kloeckner and Anthony Scopatz and Antony Lee and Ariel Rokem and C. Nathan Woods and Chad Fulton and Charles Masson and Christian H\"{a}ggstr\"{o}m and Clark Fitzgerald and David A. Nicholson and David R. Hagen and Dmitrii V. Pasechnik and Emanuele Olivetti and Eric Martin and Eric Wieser and Fabrice Silva and Felix Lenders and Florian Wilhelm and G. Young and Gavin A. Price and Gert-Ludwig Ingold and Gregory E. Allen and Gregory R. Lee and Herv{\'{e}} Audren and Irvin Probst and J\"{o}rg P. Dietrich and Jacob Silterra and James T Webber and Janko Slavi{\v{c}} and Joel Nothman and Johannes Buchner and Johannes Kulick and Johannes L. Sch\"{o}nberger and Jos{\'{e}} Vin{\'{\i}}cius de Miranda Cardoso and Joscha Reimer and Joseph Harrington and Juan Luis Cano Rodr{\'{\i}}guez and Juan Nunez-Iglesias and Justin Kuczynski and Kevin Tritz and Martin Thoma and Matthew Newville and Matthias K\"{u}mmerer and Maximilian Bolingbroke and Michael Tartre and Mikhail Pak and Nathaniel J. Smith and Nikolai Nowaczyk and Nikolay Shebanov and Oleksandr Pavlyk and Per A. Brodtkorb and Perry Lee and Robert T. McGibbon and Roman Feldbauer and Sam Lewis and Sam Tygier and Scott Sievert and Sebastiano Vigna and Stefan Peterson and Surhud More and Tadeusz Pudlik and Takuya Oshima and Thomas J. Pingel and Thomas P. Robitaille and Thomas Spura and Thouis R. Jones and Tim Cera and Tim Leslie and Tiziano Zito and Tom Krauss and Utkarsh Upadhyay and Yaroslav O. Halchenko and Yoshiki V{\'{a}}zquez-Baeza and},
	year         = 2020,
	month        = feb,
	journal      = {Nature Methods},
	publisher    = {Springer Science and Business Media {LLC}},
	volume       = 17,
	number       = 3,
	pages        = {261--272},
	doi          = {10.1038/s41592-019-0686-2},
	url          = {https://doi.org/10.1038/s41592-019-0686-2}
}
@article{Wang2016,
	title        = {{AUCpreD}: proteome-level protein disorder prediction by {AUC}-maximized deep convolutional neural fields},
	author       = {Sheng Wang and Jianzhu Ma and Jinbo Xu},
	year         = 2016,
	month        = aug,
	journal      = {Bioinformatics},
	publisher    = {Oxford University Press ({OUP})},
	volume       = 32,
	number       = 17,
	pages        = {i672--i679},
	doi          = {10.1093/bioinformatics/btw446},
	url          = {https://doi.org/10.1093/bioinformatics/btw446}
}
@article{Wang2018,
	title        = {A Molecular Grammar Governing the Driving Forces for Phase Separation of Prion-like {RNA} Binding Proteins},
	author       = {Jie Wang and Jeong-Mo Choi and Alex S. Holehouse and Hyun O. Lee and Xiaojie Zhang and Marcus Jahnel and Shovamayee Maharana and R{\'{e}}gis Lemaitre and Andrei Pozniakovsky and David Drechsel and Ina Poser and Rohit V. Pappu and Simon Alberti and Anthony A. Hyman},
	year         = 2018,
	month        = jul,
	journal      = {Cell},
	publisher    = {Elsevier {BV}},
	volume       = 174,
	number       = 3,
	pages        = {688--699.e16},
	doi          = {10.1016/j.cell.2018.06.006},
	url          = {https://doi.org/10.1016/j.cell.2018.06.006}
}
@article{Wright2014,
	title        = {Intrinsically disordered proteins in cellular signalling and regulation},
	author       = {Peter E. Wright and H. Jane Dyson},
	year         = 2014,
	month        = dec,
	journal      = {Nature Reviews Molecular Cell Biology},
	publisher    = {Springer Science and Business Media {LLC}},
	volume       = 16,
	number       = 1,
	pages        = {18--29},
	doi          = {10.1038/nrm3920},
	url          = {https://doi.org/10.1038/nrm3920}
}
@article{Yang1994,
	title        = {Maximum likelihood phylogenetic estimation from {DNA} sequences with variable rates over sites: Approximate methods},
	author       = {Ziheng Yang},
	year         = 1994,
	month        = sep,
	journal      = {Journal of Molecular Evolution},
	publisher    = {Springer Science and Business Media {LLC}},
	volume       = 39,
	number       = 3,
	pages        = {306--314},
	doi          = {10.1007/bf00160154},
	url          = {https://doi.org/10.1007/bf00160154}
}
@article{Yang2018,
	title        = {Re-annotation of eight \textit{Drosophila} genomes},
	author       = {Haiwang Yang and Maria Jaime and Maxi Polihronakis and Kelvin Kanegawa and Therese Markow and Kenneth Kaneshiro and Brian Oliver},
	year         = 2018,
	month        = dec,
	journal      = {Life Science Alliance},
	publisher    = {Life Science Alliance, {LLC}},
	volume       = 1,
	number       = 6,
	pages        = {e201800156},
	doi          = {10.26508/lsa.201800156},
	url          = {https://doi.org/10.26508/lsa.201800156}
}
@article{Zarin2017,
	title        = {Selection maintains signaling function of a highly diverged intrinsically disordered region},
	author       = {Taraneh Zarin and Caressa N. Tsai and Alex N. Nguyen Ba and Alan M. Moses},
	year         = 2017,
	month        = feb,
	journal      = {Proceedings of the National Academy of Sciences},
	publisher    = {Proceedings of the National Academy of Sciences},
	volume       = 114,
	number       = 8,
	doi          = {10.1073/pnas.1614787114},
	url          = {https://doi.org/10.1073/pnas.1614787114}
}
@article{Zarin2019,
	title        = {Proteome-wide signatures of function in highly diverged intrinsically disordered regions},
	author       = {Taraneh Zarin and Bob Strome and Alex N Nguyen Ba and Simon Alberti and Julie D Forman-Kay and Alan M Moses},
	year         = 2019,
	month        = jul,
	journal      = {{eLife}},
	publisher    = {{eLife} Sciences Publications, Ltd},
	volume       = 8,
	doi          = {10.7554/elife.46883},
	url          = {https://doi.org/10.7554/elife.46883}
}
@article{Zarin2021,
	title        = {Identifying molecular features that are associated with biological function of intrinsically disordered protein regions},
	author       = {Taraneh Zarin and Bob Strome and Gang Peng and Iva Priti{\v{s}}anac and Julie D Forman-Kay and Alan M Moses},
	year         = 2021,
	month        = feb,
	journal      = {{eLife}},
	publisher    = {{eLife} Sciences Publications,  Ltd},
	volume       = 10,
	doi          = {10.7554/elife.60220},
	url          = {https://doi.org/10.7554/elife.60220}
}
@article{Zhou2012,
	title        = {Intrinsic disorder: signaling via highly specific but short-lived association},
	author       = {Huan-Xiang Zhou},
	year         = 2012,
	month        = feb,
	journal      = {Trends in Biochemical Sciences},
	publisher    = {Elsevier {BV}},
	volume       = 37,
	number       = 2,
	pages        = {43--48},
	doi          = {10.1016/j.tibs.2011.11.002},
	url          = {https://doi.org/10.1016/j.tibs.2011.11.002}
}
